<?xml version="1.0" encoding="UTF-8"?><collection xmlns="http://www.loc.gov/MARC21/slim"><record><leader>00422nam--2200145-i-4500</leader><controlfield tag="001">000001129</controlfield><controlfield tag="002">20161230</controlfield><controlfield tag="005">20161230201024</controlfield><controlfield tag="008">060222s1000------------r-----000-0-eng-d</controlfield><datafield ind1=" " ind2=" " tag="080"><subfield code="a">681.3.06</subfield></datafield><datafield ind1=" " ind2=" " tag="100"><subfield code="a">Gomes, Maria Leonor</subfield></datafield><datafield ind1=" " ind2=" " tag="245"><subfield code="a">Curso de programacao fortran i</subfield></datafield><datafield ind1=" " ind2=" " tag="260"><subfield code="a">Lisboa, Centro De Calculo Cientifico, 1969. 73 P</subfield></datafield><datafield ind1=" " ind2=" " tag="490"><subfield code="a">Instituto Gulbenkian De Ciencia, Centro De Calculo Cientifico</subfield></datafield><datafield ind1=" " ind2=" " tag="852"><subfield code="a">32253</subfield></datafield></record></collection>